@book{van2008handbook,
	title={Handbook of knowledge representation},
	author={Van Harmelen, Frank and Lifschitz, Vladimir and Porter, Bruce},
	volume={1},
	year={2008},
	publisher={Elsevier}
}

@phdthesis{ji2010phd,
	title={提高 ASP 效率的若干途径及服务机器人上应用},
	author={吉建民},
	year={2010},
	school={合肥: 中国科学技术大学}
}

@article{horn1951sentences,
	title={On sentences which are true of direct unions of algebras},
	author={Horn, Alfred},
	journal={The Journal of Symbolic Logic},
	volume={16},
	number={01},
	pages={14--21},
	year={1951},
	publisher={Cambridge Univ Press}
}

@article{liu2005ASPfixpoint,
	title={关于逻辑程序不动点语义的讨论},
	author={刘富春},
	journal={广东工业大学学报},
	volume={22},
	number={2},
	pages={120--124},
	year={2005}
}

@inproceedings{colmeraner1973systeme,
	title={Un systeme de communication homme-machine en francais},
	author={Colmeraner, A and Kanoui, Henri and Pasero, Robert and Roussel, Philippe},
	year={1973},
	organization={Luminy}
}

@book{clark1982logic,
	title={Logic programming},
	author={Clark, Keith L and T{\"a}rnlund, Sten-Ake},
	number={16},
	year={1982},
	publisher={Academic Press New York}
}

@article{mccarthy1987circumscription,
	title={Circumscription―a form of nonmonotonic reasoning},
	author={McCarthy, John},
	journal={\& \&},
	year={1987}
}

@incollection{clark1978negation,
	title={Negation as failure},
	author={Clark, Keith L},
	booktitle={Logic and data bases},
	pages={293--322},
	year={1978},
	publisher={Springer}
}

@inproceedings{gelfond1988stable,
	title={The stable model semantics for logic programming.},
	author={Gelfond, Michael and Lifschitz, Vladimir},
	booktitle={ICLP/SLP},
	volume={88},
	pages={1070--1080},
	year={1988}
}

@article{zhai2014asp,
	title={回答集程序设计: 理论, 方法, 应用与研究},
	author={翟仲毅 and 程渤},
	year={2014}
}

@incollection{nogueira2001prolog,
	title={An A-Prolog decision support system for the Space Shuttle},
	author={Nogueira, Monica and Balduccini, Marcello and Gelfond, Michael and Watson, Richard and Barry, Matthew},
	booktitle={Practical Aspects of Declarative Languages},
	pages={169--183},
	year={2001},
	publisher={Springer}
}

@article{eiter2003answer,
	title={Answer set planning under action costs},
	author={Eiter, Thomas and Faber, Wolfgang and Leone, Nicola and Pfeifer, Gerald and Polleres, Axel},
	journal={Journal of Artificial Intelligence Research},
	pages={25--71},
	year={2003}
}

@article{soininen2001representing,
	title={Representing Configuration Knowledge With Weight Constraint Rules.},
	author={Soininen, Timo and Niemel{\"a}, Ilkka and Tiihonen, Juha and Sulonen, Reijo},
	journal={Answer Set Programming},
	volume={1},
	year={2001}
}

@article{xin2010answer,
	title={Answer Set Programming Representation for ER Model},
	author={Xin, Li and Fan, Li and Xingbin, Bian and Qihe21, Liu},
	journal={Journal of Computer Research and Development},
	volume={1},
	pages={025},
	year={2010}
}

@article{lai2013aspbank,
	title={基于回答集编程的 Banks 选举求解方法},
	author={赖河蒗 and 陈红英 and 赖博先 and 柯万添},
	journal={计算机工程},
	volume={39},
	number={8},
	pages={266--269},
	year={2013}
}

@inproceedings{lifschitz1994splitting,
	title={Splitting a Logic Program.},
	author={Lifschitz, Vladimir and Turner, Hudson},
	booktitle={ICLP},
	volume={94},
	pages={23--37},
	year={1994}
}

@incollection{dao2009modular,
	title={Modular nonmonotonic logic programming revisited},
	author={Dao-Tran, Minh and Eiter, Thomas and Fink, Michael and Krennwallner, Thomas},
	booktitle={Logic Programming},
	pages={145--159},
	year={2009},
	publisher={Springer}
}

@incollection{gebser2008engineering,
	title={Engineering an incremental ASP solver},
	author={Gebser, Martin and Kaminski, Roland and Kaufmann, Benjamin and Ostrowski, Max and Schaub, Torsten and Thiele, Sven},
	booktitle={Logic Programming},
	pages={190--205},
	year={2008},
	publisher={Springer}
}

@article{oikarinen2008achieving,
	title={Achieving compositionality of the stable model semantics for smodels programs},
	author={Oikarinen, Emilia and Janhunen, Tomi},
	journal={Theory and Practice of Logic Programming},
	volume={8},
	number={5-6},
	pages={717--761},
	year={2008},
	publisher={Cambridge Univ Press}
}

@inproceedings{ferraris2009symmetric,
	title={Symmetric Splitting in the General Theory of Stable Models.},
	author={Ferraris, Paolo and Lee, Joohyung and Lifschitz, Vladimir and Palla, Ravi},
	booktitle={IJCAI},
	volume={9},
	pages={797--803},
	year={2009}
}

@article{limo1999lpSAT,
	title={命题逻辑可满足性问题的算法分析},
	author={李未 and 黄雄},
	journal={计算机科学},
	volume={26},
	number={3},
	pages={1--9},
	year={1999}
}

@book{luger2003AI,
	title={Artificial Intelligence:Structures and Strategies for Complex Problem Solving},
	author={Luger, George F},
	year={2003},
	publisher={Pearson Education}
}

@inproceedings{lifschitz2008answer,
	title={What Is Answer Set Programming?.},
	author={Lifschitz, Vladimir},
	booktitle={AAAI},
	volume={8},
	pages={1594--1597},
	year={2008}
}

@book{reiter1978closed,
	title={On closed world data bases},
	author={Reiter, Raymond},
	year={1978},
	publisher={Springer}
}

@inproceedings{bonatti2010answer,
	title={Answer set programming},
	author={Bonatti, Piero and Calimeri, Francesco and Leone, Nicola and Ricca, Francesco},
	booktitle={A 25-year perspective on logic programming},
	pages={159--182},
	year={2010},
	organization={Springer-Verlag}
}

@inproceedings{gelfond1988stable,
	title={The stable model semantics for logic programming.},
	author={Gelfond, Michael and Lifschitz, Vladimir},
	booktitle={ICLP/SLP},
	volume={88},
	pages={1070--1080},
	year={1988}
}

@article{gelfond1991classical,
	title={Classical negation in logic programs and disjunctive databases},
	author={Gelfond, Michael and Lifschitz, Vladimir},
	journal={New generation computing},
	volume={9},
	number={3-4},
	pages={365--385},
	year={1991},
	publisher={Springer}
}

@incollection{lee2003loop,
	title={Loop formulas for disjunctive logic programs},
	author={Lee, Joohyung and Lifschitz, Vladimir},
	booktitle={Logic Programming},
	pages={451--465},
	year={2003},
	publisher={Springer}
}

@article{lin2004assat,
	title={ASSAT: Computing answer sets of a logic program by SAT solvers},
	author={Lin, Fangzhen and Zhao, Yuting},
	journal={Artificial Intelligence},
	volume={157},
	number={1},
	pages={115--137},
	year={2004},
	publisher={Elsevier}
}

@article{gebser2011elementary,
	title={On elementary loops of logic programs},
	author={Gebser, Martin and Lee, Joohyung and Lierler, Yuliya},
	journal={Theory and Practice of Logic Programming},
	volume={11},
	number={06},
	pages={953--988},
	year={2011},
	publisher={Cambridge Univ Press}
}

@inproceedings{ji2014elementary,
	title={Elementary Loops Revisited},
	author={Ji, Jianmin and Wan, Hai and Xiao, Peng and Huo, Ziwei and Xiao, Zhanhao},
	booktitle={Twenty-Eighth AAAI Conference on Artificial Intelligence},
	year={2014}
}

@article{ji2015elementary,
	title={On Elementary Loops and Proper Loops for Disjunctive Logic Programs},
	author={Ji, Jianmin and Wan, Hai and Xiao, Peng},
	year={2015}
}

@article{van1991well,
	title={The well-founded semantics for general logic programs},
	author={Van Gelder, Allen and Ross, Kenneth A and Schlipf, John S},
	journal={Journal of the ACM (JACM)},
	volume={38},
	number={3},
	pages={619--649},
	year={1991},
	publisher={ACM}
}

@article{chen2013computing,
	title={Computing loops with at most one external support rule},
	author={Chen, Xiaoping and Ji, Jianmin and Lin, Fangzhen},
	journal={ACM Transactions on Computational Logic (TOCL)},
	volume={14},
	number={1},
	pages={3},
	year={2013},
	publisher={ACM}
}


@article{dowling1984linear,
	title={Linear-time algorithms for testing the satisfiability of propositional Horn formulae},
	author={Dowling, William F and Gallier, Jean H},
	journal={The Journal of Logic Programming},
	volume={1},
	number={3},
	pages={267--284},
	year={1984},
	publisher={Elsevier}
}

@inproceedings{zhang1996efficient,
	title={An efficient algorithm for unit propagation},
	author={Zhang, Hantao and Stickel, Mark E},
	booktitle={In Proceedings of the Fourth International Symposium on Artificial Intelligence and Mathematics (AI-MATH’96), Fort Lauderdale (Florida USA},
	year={1996},
	organization={Citeseer}
}

@article{aspvall1979linear,
	title={A linear-time algorithm for testing the truth of certain quantified boolean formulas},
	author={Aspvall, Bengt and Plass, Michael F and Tarjan, Robert Endre},
	journal={Information Processing Letters},
	volume={8},
	number={3},
	pages={121--123},
	year={1979},
	publisher={Elsevier}
}

@book{Chin1973symbolic,
	author    = {Chin{-}Liang Chang and
	Richard C. T. Lee},
	title     = {Symbolic logic and mechanical theorem proving},
	series    = {Computer science classics},
	publisher = {Academic Press},
	year      = {1973},
	isbn      = {978-0-12-170350-9},
	timestamp = {Tue, 03 May 2011 16:29:34 +0200},
	biburl    = {http://dblp.uni-trier.de/rec/bib/books/daglib/0070484},
	bibsource = {dblp computer science bibliography, http://dblp.org}
}

@book{levine2009flex,
	title={Flex \& Bison: Text Processing Tools},
	author={Levine, John},
	year={2009},
	publisher={" O'Reilly Media, Inc."}
}

@incollection{gebser2007gringo,
	title={Gringo: A new grounder for answer set programming},
	author={Gebser, Martin and Schaub, Torsten and Thiele, Sven},
	booktitle={Logic Programming and Nonmonotonic Reasoning},
	pages={266--271},
	year={2007},
	publisher={Springer}
}

@inproceedings{gebser2007conflict,
	title={Conflict-Driven Answer Set Solving.},
	author={Gebser, Martin and Kaufmann, Benjamin and Neumann, Andr{\'e} and Schaub, Torsten},
	booktitle={IJCAI},
	volume={7},
	pages={386--392},
	year={2007}
}

@article{niemela1999logic,
	title={Logic programs with stable model semantics as a constraint programming paradigm},
	author={Niemel{\"a}, Ilkka},
	journal={Annals of Mathematics and Artificial Intelligence},
	volume={25},
	number={3-4},
	pages={241--273},
	year={1999},
	publisher={Springer}
}

@book{cormen2001introduction,
	title={Introduction to algorithms},
	author={Cormen, Thomas H and Leiserson, Charles E and Rivest, Ronald L and Stein, Clifford and others},
	volume={2},
	year={2001},
	publisher={MIT press Cambridge}
}

@inproceedings{wang2013forgetting,
	title={Forgetting for answer set programs revisited},
	author={Wang, Yisong and Wang, Kewen and Zhang, Mingyi},
	booktitle={Proceedings of the Twenty-Third international joint conference on Artificial Intelligence},
	pages={1162--1168},
	year={2013},
	organization={AAAI Press}
}

@book{steele1990common,
	title={Common LISP: the language},
	author={Steele, Guy L},
	year={1990},
	publisher={Digital press}
}

@article{kowalski1979algorithm,
	title={Algorithm= logic+ control},
	author={Kowalski, Robert},
	journal={Communications of the ACM},
	volume={22},
	number={7},
	pages={424--436},
	year={1979},
	publisher={ACM}
}

@article{lifschitz1996foundations,
	title={Foundations of logic programming},
	author={Lifschitz, Vladimir},
	journal={Principles of knowledge representation},
	volume={3},
	pages={69--127},
	year={1996},
	publisher={Citeseer}
}

@inproceedings{israel1980s,
	title={What's wrong with non-monotonic logic?},
	author={Israel, David J},
	booktitle={AAAI},
	volume={80},
	pages={99--101},
	year={1980}
}

@article{niemela2000smodels,
	title={Smodels: a system for answer set programming},
	author={Niemela, Ilkka and Simons, Patrik and Syrjanen, Tommi},
	journal={arXiv preprint cs/0003033},
	year={2000}
}

@article{leone2006dlv,
	title={The DLV system for knowledge representation and reasoning},
	author={Leone, Nicola and Pfeifer, Gerald and Faber, Wolfgang and Eiter, Thomas and Gottlob, Georg and Perri, Simona and Scarcello, Francesco},
	journal={ACM Transactions on Computational Logic (TOCL)},
	volume={7},
	number={3},
	pages={499--562},
	year={2006},
	publisher={ACM}
}

@article{gelfond1990logic,
	title={Logic programming},
	author={Gelfond, Michael},
	journal={Wiley Encyclopedia of Electrical and Electronics Engineering},
	year={1990},
	publisher={Wiley Online Library}
}

@book{gabbay1999negation,
	title={What is negation?},
	author={Gabbay, Dov M and Wansing, Heinrich},
	year={1999},
	publisher={Springer}
}

@article{nuchelmans1973theories,
	title={Theories of the Proposition},
	author={Nuchelmans, Gabriel},
	year={1973}
}

@article{apt1994logic,
	title={Logic programming and negation: A survey},
	author={Apt, Krzysztof R and Bol, Roland N},
	journal={The Journal of Logic Programming},
	volume={19},
	pages={9--71},
	year={1994},
	publisher={Elsevier}
}

@article{bonatti2010answer,
	title={Answer Set Programming},
	author={Bonatti, Piero and Calimeri, Francesco and Leone, Nicola and Ricca, Francesco},
	journal={A 25-Year Perspective on Logic Programming},
	pages={159--182},
	year={2010},
	publisher={Springer}
}


@article{ben1994propositional,
	title={Propositional semantics for disjunctive logic programs},
	author={Ben-Eliyahu, Rachel and Dechter, Rina},
	journal={Annals of Mathematics and Artificial intelligence},
	volume={12},
	number={1-2},
	pages={53--87},
	year={1994},
	publisher={Springer}
}

@article{jeroslow1990solving,
	title={Solving propositional satisfiability problems},
	author={Jeroslow, Robert G and Wang, Jinchang},
	journal={Annals of mathematics and Artificial Intelligence},
	volume={1},
	number={1-4},
	pages={167--187},
	year={1990},
	publisher={Springer}
}

@article{davis1962machine,
	title={A machine program for theorem-proving},
	author={Davis, Martin and Logemann, George and Loveland, Donald},
	journal={Communications of the ACM},
	volume={5},
	number={7},
	pages={394--397},
	year={1962},
	publisher={ACM}
}


@book{biere2009handbook,
	title={Handbook of satisfiability},
	author={Biere, Armin and Heule, Marijn and van Maaren, Hans},
	volume={185},
	year={2009},
	publisher={ios press}
}


@article{lifschitz2002answer,
	title={Answer set programming and plan generation},
	author={Lifschitz, Vladimir},
	journal={Artificial Intelligence},
	volume={138},
	number={1},
	pages={39--54},
	year={2002},
	publisher={Elsevier}
}

@article{van1989negation,
	title={Negation as failure using tight derivations for general logic programs},
	author={Van Gelder, Allen},
	journal={The Journal of Logic Programming},
	volume={6},
	number={1},
	pages={109--133},
	year={1989},
	publisher={Elsevier}
}

@inproceedings{lin2002assat,
	title={ASSAT: Computing answer sets of a logic program by SAT solvers},
	author={Lin, Fangzhen and Zhao, Yuting},
	booktitle={AAAI},
	pages={112--118},
	year={2002}
}


@book{zlw1989sllj,
	title={面向计算机科学的数理逻辑},
	author={陆钟万},
	year={1989},
	publisher={北京大学出版社}
}


@article{ChittaBaral1994Logic,
	title={Logic Programming and Knowledge Representation},
	author={Chitta Baral,Michael Gelfond},
	journal={Journal of Logic Programming},
	volume={19},
	number={94},
	pages={73--148},
	year={1994}
}
